@article{cao2003adjoint,
  title={Adjoint sensitivity analysis for differential-algebraic equations: The adjoint DAE system and its numerical solution},
  author={Cao, Yang and Li, Shengtai and Petzold, Linda and Serban, Radu},
  journal={SIAM journal on scientific computing},
  volume={24},
  number={3},
  pages={1076--1089},
  year={2003},
  publisher={SIAM}
}
